@misc{coralWeb, title={CORAL/Sierra}, url={https://asc.llnl.gov/coral-info}, journal={CORAL/Sierra}}

@misc{trinityWeb, title={About Trinity}, url={http://www.lanl.gov/projects/trinity/about.php}, journal={About Trinity}}

@BOOK {LewisCMNT,
    author    = "E. E. Lewis and W. F. Miller, Jr",
    title     = "Computational Methods Of Neutron Transport",
    publisher = "American Nuclear Society, Inc.",
    year      = "1993",
    address   = "555 N. Kensington Avenue La Grange Park, Illinois 60525 USA"
}

@BOOK {LuxMCPTM,
    author    = "Ivan Lux and Laszlo Koblinger",
    title     = "Monte Carlo Particle Transport Methods: Neutron and Photon Calculations",
    publisher = "CRC Press, Inc",
    year      = "1991",
    address   = "2000 Corporate Blvd., Boca Raton, Florida 33431"
}

@article{theMCM,
  title={Stan ulam, john von neumann, and the monte carlo method},
  author={Eckhardt, Roger},
  journal={Los Alamos Science},
  volume={15},
  number={131-136},
  pages={30},
  year={1987}
}

@techreport{gentileMCPTAPO,
  title={Monte Carlo Particle Transport: Algorithm and Performance Overview},
  author={Gentile, N and Procassini, R and Scott, H},
  year={2005},
  institution={Lawrence Livermore National Laboratory (LLNL), Livermore, CA}
}

@techreport{alpsmc1,
  title={Investigation of Portable Event-Based Monte Carlo Transport Using the NVIDIA Thrust Library},
  author={Bleile, RC and Brantley, PS and Dawson, SA and O'Brien, MJ and Childs, H},
  year={2016},
  institution={Lawrence Livermore National Laboratory (LLNL), Livermore, CA}
}

@inproceedings{majumdar2000parallel,
  title={Parallel performance study of monte carlo photon transport code on shared-, distributed-, and distributed-shared-memory architectures},
  author={Majumdar, Amitava},
  booktitle={Parallel and Distributed Processing Symposium, 2000. IPDPS 2000. Proceedings. 14th International},
  pages={93--99},
  year={2000},
  organization={IEEE}
}

@techreport{martin1993experiences,
  title={Experiences with different parallel programming paradigms for Monte Carlo particle transport leads to a portable toolkit for parallel Monte Carlo},
  author={Martin, WR and Majumdar, A and Rathkopf, JA and Litvin, M},
  year={1993},
  institution={Lawrence Livermore National Lab., CA (United States)}
}

@article{romano2013openmc,
  title={The OpenMC Monte Carlo particle transport code},
  author={Romano, Paul K and Forget, Benoit},
  journal={Annals of Nuclear Energy},
  volume={51},
  pages={274--281},
  year={2013},
  publisher={Elsevier}
}

@book{el2005advanced,
  title={Advanced computer architecture and parallel processing},
  author={El-Rewini, Hesham and Abd-El-Barr, Mostafa},
  volume={42},
  year={2005},
  publisher={John Wiley \& Sons}
}

@article{russell1978cray,
  title={The CRAY-1 computer system},
  author={Russell, Richard M},
  journal={Communications of the ACM},
  volume={21},
  number={1},
  pages={63--72},
  year={1978},
  publisher={ACM}
}

@inproceedings{snavely1998multi,
  title={Multi-processor performance on the Tera MTA},
  author={Snavely, Allan and Carter, Larry and Boisseau, Jay and Majumdar, Amit and Gatlin, Kang Su and Mitchell, Nick and Feo, John and Koblenz, Brian},
  booktitle={Proceedings of the 1998 ACM/IEEE conference on Supercomputing},
  pages={1--8},
  year={1998},
  organization={IEEE Computer Society}
}

@article{brown1984monte,
  title={Monte Carlo methods for radiation transport analysis on vector computers},
  author={Brown, Forrest B and Martin, William R},
  journal={Progress in Nuclear Energy},
  volume={14},
  number={3},
  pages={269--299},
  year={1984},
  publisher={Elsevier}
}

@article{martin1986monte,
  title={Monte Carlo photon transport on a vector supercomputer},
  author={Martin, William R and Nowak, Paul F and Rathkopf, James A},
  journal={IBM Journal of Research and Development},
  volume={30},
  number={2},
  pages={193--202},
  year={1986},
  publisher={IBM}
}

@article{bobrowicz1984vectorized,
  title={Vectorized Monte Carlo Photon Transport},
  author={Bobrowicz, FW and Lynch, JE and Fisher, KJ and Tabor, JE},
  journal={Parallel Computing},
  volume={1},
  number={3},
  pages={295--305},
  year={1984},
  publisher={Elsevier}
}

@inproceedings{burns1989vectorization,
  title={Vectorization on Monte Carlo particle transport: an architectural study using the LANL benchmark “GAMTEB”},
  author={Burns, Patrick J and Christon, Mark and Schweitzer, Roland and Lubeck, Olaf M and Wasserman, Harvey J},
  booktitle={Proceedings of the 1989 ACM/IEEE conference on Supercomputing},
  pages={10--20},
  year={1989},
  organization={ACM}
}